@article{intel2022collision,  
  title={Train Collision Avoidance Systems},  
  author={{Intel}},  
  year={2022},  
  month={jun},  
  url={https://www.intel.com/content/dam/www/central-libraries/us/en/documents/2022-06/train-collision-avoidance-sytems-brief.pdf},  
  note={Fall 2022}  
}  

@inproceedings{ada2014safecap,  
  title={SafeCap: A Safety System for Train Collision Prevention},  
  author={Hann, David and Couch, Pete},  
  booktitle={Proceedings of the 2014 AdaEurope Conference},  
  year={2014},  
  url={https://www.ada-europe.org/conference2014/presentations/SafeCap.pdf},  
  note={Fall 2014}  
}  

@article{railwaycouncil2017realsafetysystem,  
  title={A Real-Time Train Safety and Collision Prevention System},  
  author={Wu, Cai},  
  journal={Proceedings of the International Railway Safety Council},  
  year={2017},  
  url={https://international-railway-safety-council.com/wp-content/uploads/2017/09/cai-wu-a-real-time-train-safety-and-collision-prevention-system.pdf},  
  note={Fall 2017}  
}  

@article{eu2024,  
  title={Report on Railway Safety and Interoperability in the EU 2024},  
  author={{European Union Agency for Railways}},  
  year={2024},  
  url={https://www.era.europa.eu/system/files/2024-06/Report%20on%20Railway%20Safety%20and%20Interoperability%20in%20the%20EU%202024.pdf?t=1745608432},  
  note={Acceso 2024}  
}  

@article{carrington2019,  
  title={The Economic Impact of Rail Accidents},  
  author={Carrington, David},  
  journal={Rail Safety and Standards Board},  
  year={2019},  
  url={https://rssb.co.uk},  
  note={Acceso 2019}  
}  

@article{automation2020,  
  title={Automation in Rail transportation: Evolution and Challenges},  
  author={Lum, C. S. C. and Lim, J. S. J. and Teoh, M. C. S.},  
  journal={Transportation Research Part C: Emerging Technologies},   
  year={2020},  
  url={https://goo.su/qgli},  
  note={Acceso 2020}  
}

@article{ong2021risk,  
  title={Risk assessment of train movements based on convolutional neural network methods},  
  author={Ong, Edwin and Chan, Herbert},  
  journal={Transportation Research Procedia},  
  volume={54},  
  pages={116-122},  
  year={2021},  
  publisher={Elsevier},  
  url={https://www.sciencedirect.com/science/article/pii/S2211973621000152},  
  note={Fall 2021}  
}  

@misc{rodrigostranger2023trafico_de_trenes,  
  title={mf-trafico-de-trenes},  
  author={Rodrigo Stranger},  
  year={2025},  
  howpublished={\url{https://github.com/RodrigoStranger/mf-trafico-de-trenes.git}},  
  note={Fall 2025}  
}  
